%YAML 1.1
%TAG !u! tag:unity3d.com,2011:
--- !u!1 &9004731944964886846
GameObject:
  m_ObjectHideFlags: 0
  m_CorrespondingSourceObject: {fileID: 0}
  m_PrefabInstance: {fileID: 0}
  m_PrefabAsset: {fileID: 0}
  serializedVersion: 6
  m_Component:
  - component: {fileID: 9004731944964886841}
  - component: {fileID: 9004731944964886842}
  - component: {fileID: 9004731944964886843}
  - component: {fileID: 9004731944964886840}
  m_Layer: 0
  m_Name: CanvasAchievements
  m_TagString: Untagged
  m_Icon: {fileID: 0}
  m_NavMeshLayer: 0
  m_StaticEditorFlags: 0
  m_IsActive: 1
--- !u!224 &9004731944964886841
RectTransform:
  m_ObjectHideFlags: 0
  m_CorrespondingSourceObject: {fileID: 0}
  m_PrefabInstance: {fileID: 0}
  m_PrefabAsset: {fileID: 0}
  m_GameObject: {fileID: 9004731944964886846}
  m_LocalRotation: {x: 0, y: 0, z: 0, w: 1}
  m_LocalPosition: {x: 0, y: 0, z: 0}
  m_LocalScale: {x: 0, y: 0, z: 0}
  m_Children:
  - {fileID: 9004731944915547580}
  - {fileID: 73520776870929646}
  m_Father: {fileID: 0}
  m_RootOrder: 0
  m_LocalEulerAnglesHint: {x: 0, y: 0, z: 0}
  m_AnchorMin: {x: 0, y: 0}
  m_AnchorMax: {x: 0, y: 0}
  m_AnchoredPosition: {x: 0, y: 0}
  m_SizeDelta: {x: 0, y: 0}
  m_Pivot: {x: 0, y: 0}
--- !u!223 &9004731944964886842
Canvas:
  m_ObjectHideFlags: 0
  m_CorrespondingSourceObject: {fileID: 0}
  m_PrefabInstance: {fileID: 0}
  m_PrefabAsset: {fileID: 0}
  m_GameObject: {fileID: 9004731944964886846}
  m_Enabled: 1
  serializedVersion: 3
  m_RenderMode: 0
  m_Camera: {fileID: 0}
  m_PlaneDistance: 98
  m_PixelPerfect: 0
  m_ReceivesEvents: 1
  m_OverrideSorting: 0
  m_OverridePixelPerfect: 0
  m_SortingBucketNormalizedSize: 0
  m_AdditionalShaderChannelsFlag: 25
  m_SortingLayerID: 0
  m_SortingOrder: 0
  m_TargetDisplay: 0
--- !u!114 &9004731944964886843
MonoBehaviour:
  m_ObjectHideFlags: 0
  m_CorrespondingSourceObject: {fileID: 0}
  m_PrefabInstance: {fileID: 0}
  m_PrefabAsset: {fileID: 0}
  m_GameObject: {fileID: 9004731944964886846}
  m_Enabled: 1
  m_EditorHideFlags: 0
  m_Script: {fileID: 11500000, guid: 0cd44c1031e13a943bb63640046fad76, type: 3}
  m_Name: 
  m_EditorClassIdentifier: 
  m_UiScaleMode: 1
  m_ReferencePixelsPerUnit: 100
  m_ScaleFactor: 1
  m_ReferenceResolution: {x: 800, y: 600}
  m_ScreenMatchMode: 0
  m_MatchWidthOrHeight: 0
  m_PhysicalUnit: 3
  m_FallbackScreenDPI: 96
  m_DefaultSpriteDPI: 96
  m_DynamicPixelsPerUnit: 1
--- !u!114 &9004731944964886840
MonoBehaviour:
  m_ObjectHideFlags: 0
  m_CorrespondingSourceObject: {fileID: 0}
  m_PrefabInstance: {fileID: 0}
  m_PrefabAsset: {fileID: 0}
  m_GameObject: {fileID: 9004731944964886846}
  m_Enabled: 1
  m_EditorHideFlags: 0
  m_Script: {fileID: 11500000, guid: dc42784cf147c0c48a680349fa168899, type: 3}
  m_Name: 
  m_EditorClassIdentifier: 
  m_IgnoreReversedGraphics: 1
  m_BlockingObjects: 0
  m_BlockingMask:
    serializedVersion: 2
    m_Bits: 4294967295
--- !u!1001 &2245689987782672158
PrefabInstance:
  m_ObjectHideFlags: 0
  serializedVersion: 2
  m_Modification:
    m_TransformParent: {fileID: 9004731944964886841}
    m_Modifications:
    - target: {fileID: 1959002393510022209, guid: 142abc49d66de7240900c64ffd6e31cf,
        type: 3}
      propertyPath: m_IsActive
      value: 0
      objectReference: {fileID: 0}
    - target: {fileID: 7196031869385853602, guid: 142abc49d66de7240900c64ffd6e31cf,
        type: 3}
      propertyPath: m_LocalPosition.x
      value: 0
      objectReference: {fileID: 0}
    - target: {fileID: 7196031869385853602, guid: 142abc49d66de7240900c64ffd6e31cf,
        type: 3}
      propertyPath: m_LocalPosition.y
      value: 0
      objectReference: {fileID: 0}
    - target: {fileID: 7196031869385853602, guid: 142abc49d66de7240900c64ffd6e31cf,
        type: 3}
      propertyPath: m_LocalPosition.z
      value: 0
      objectReference: {fileID: 0}
    - target: {fileID: 7196031869385853602, guid: 142abc49d66de7240900c64ffd6e31cf,
        type: 3}
      propertyPath: m_LocalRotation.x
      value: 0
      objectReference: {fileID: 0}
    - target: {fileID: 7196031869385853602, guid: 142abc49d66de7240900c64ffd6e31cf,
        type: 3}
      propertyPath: m_LocalRotation.y
      value: 0
      objectReference: {fileID: 0}
    - target: {fileID: 7196031869385853602, guid: 142abc49d66de7240900c64ffd6e31cf,
        type: 3}
      propertyPath: m_LocalRotation.z
      value: 0
      objectReference: {fileID: 0}
    - target: {fileID: 7196031869385853602, guid: 142abc49d66de7240900c64ffd6e31cf,
        type: 3}
      propertyPath: m_LocalRotation.w
      value: 1
      objectReference: {fileID: 0}
    - target: {fileID: 7196031869385853602, guid: 142abc49d66de7240900c64ffd6e31cf,
        type: 3}
      propertyPath: m_RootOrder
      value: 0
      objectReference: {fileID: 0}
    - target: {fileID: 7196031869385853602, guid: 142abc49d66de7240900c64ffd6e31cf,
        type: 3}
      propertyPath: m_LocalEulerAnglesHint.x
      value: 0
      objectReference: {fileID: 0}
    - target: {fileID: 7196031869385853602, guid: 142abc49d66de7240900c64ffd6e31cf,
        type: 3}
      propertyPath: m_LocalEulerAnglesHint.y
      value: 0
      objectReference: {fileID: 0}
    - target: {fileID: 7196031869385853602, guid: 142abc49d66de7240900c64ffd6e31cf,
        type: 3}
      propertyPath: m_LocalEulerAnglesHint.z
      value: 0
      objectReference: {fileID: 0}
    - target: {fileID: 7196031869385853602, guid: 142abc49d66de7240900c64ffd6e31cf,
        type: 3}
      propertyPath: m_AnchoredPosition.x
      value: 0
      objectReference: {fileID: 0}
    - target: {fileID: 7196031869385853602, guid: 142abc49d66de7240900c64ffd6e31cf,
        type: 3}
      propertyPath: m_AnchoredPosition.y
      value: 0
      objectReference: {fileID: 0}
    - target: {fileID: 7196031869385853602, guid: 142abc49d66de7240900c64ffd6e31cf,
        type: 3}
      propertyPath: m_SizeDelta.x
      value: 0
      objectReference: {fileID: 0}
    - target: {fileID: 7196031869385853602, guid: 142abc49d66de7240900c64ffd6e31cf,
        type: 3}
      propertyPath: m_SizeDelta.y
      value: 0
      objectReference: {fileID: 0}
    - target: {fileID: 7196031869385853602, guid: 142abc49d66de7240900c64ffd6e31cf,
        type: 3}
      propertyPath: m_AnchorMin.x
      value: 0
      objectReference: {fileID: 0}
    - target: {fileID: 7196031869385853602, guid: 142abc49d66de7240900c64ffd6e31cf,
        type: 3}
      propertyPath: m_AnchorMin.y
      value: 0
      objectReference: {fileID: 0}
    - target: {fileID: 7196031869385853602, guid: 142abc49d66de7240900c64ffd6e31cf,
        type: 3}
      propertyPath: m_AnchorMax.x
      value: 1
      objectReference: {fileID: 0}
    - target: {fileID: 7196031869385853602, guid: 142abc49d66de7240900c64ffd6e31cf,
        type: 3}
      propertyPath: m_AnchorMax.y
      value: 1
      objectReference: {fileID: 0}
    - target: {fileID: 7196031869385853602, guid: 142abc49d66de7240900c64ffd6e31cf,
        type: 3}
      propertyPath: m_Pivot.x
      value: 0.5
      objectReference: {fileID: 0}
    - target: {fileID: 7196031869385853602, guid: 142abc49d66de7240900c64ffd6e31cf,
        type: 3}
      propertyPath: m_Pivot.y
      value: 0.5
      objectReference: {fileID: 0}
    - target: {fileID: 7196031869385853603, guid: 142abc49d66de7240900c64ffd6e31cf,
        type: 3}
      propertyPath: m_Name
      value: AchievementsPanelUI
      objectReference: {fileID: 0}
    m_RemovedComponents: []
  m_SourcePrefab: {fileID: 100100000, guid: 142abc49d66de7240900c64ffd6e31cf, type: 3}
--- !u!224 &9004731944915547580 stripped
RectTransform:
  m_CorrespondingSourceObject: {fileID: 7196031869385853602, guid: 142abc49d66de7240900c64ffd6e31cf,
    type: 3}
  m_PrefabInstance: {fileID: 2245689987782672158}
  m_PrefabAsset: {fileID: 0}
--- !u!1001 &9004731945372567537
PrefabInstance:
  m_ObjectHideFlags: 0
  serializedVersion: 2
  m_Modification:
    m_TransformParent: {fileID: 9004731944964886841}
    m_Modifications:
    - target: {fileID: 452558234027586632, guid: 5c04192b07879e64bb31b3d58f3e6ffd,
        type: 3}
      propertyPath: m_textInfo.characterCount
      value: 0
      objectReference: {fileID: 0}
    - target: {fileID: 452558234027586632, guid: 5c04192b07879e64bb31b3d58f3e6ffd,
        type: 3}
      propertyPath: m_textInfo.wordCount
      value: 0
      objectReference: {fileID: 0}
    - target: {fileID: 452558234027586632, guid: 5c04192b07879e64bb31b3d58f3e6ffd,
        type: 3}
      propertyPath: m_textInfo.lineCount
      value: 0
      objectReference: {fileID: 0}
    - target: {fileID: 452558234027586632, guid: 5c04192b07879e64bb31b3d58f3e6ffd,
        type: 3}
      propertyPath: m_textInfo.pageCount
      value: 0
      objectReference: {fileID: 0}
    - target: {fileID: 5083973445471274109, guid: 5c04192b07879e64bb31b3d58f3e6ffd,
        type: 3}
      propertyPath: m_Name
      value: AchievementPopupUI
      objectReference: {fileID: 0}
    - target: {fileID: 6916734838512680219, guid: 5c04192b07879e64bb31b3d58f3e6ffd,
        type: 3}
      propertyPath: m_textInfo.characterCount
      value: 0
      objectReference: {fileID: 0}
    - target: {fileID: 6916734838512680219, guid: 5c04192b07879e64bb31b3d58f3e6ffd,
        type: 3}
      propertyPath: m_textInfo.wordCount
      value: 0
      objectReference: {fileID: 0}
    - target: {fileID: 6916734838512680219, guid: 5c04192b07879e64bb31b3d58f3e6ffd,
        type: 3}
      propertyPath: m_textInfo.lineCount
      value: 0
      objectReference: {fileID: 0}
    - target: {fileID: 6916734838512680219, guid: 5c04192b07879e64bb31b3d58f3e6ffd,
        type: 3}
      propertyPath: m_textInfo.pageCount
      value: 0
      objectReference: {fileID: 0}
    - target: {fileID: 8417922862284629659, guid: 5c04192b07879e64bb31b3d58f3e6ffd,
        type: 3}
      propertyPath: m_IsActive
      value: 0
      objectReference: {fileID: 0}
    - target: {fileID: 9075326365435945759, guid: 5c04192b07879e64bb31b3d58f3e6ffd,
        type: 3}
      propertyPath: m_LocalPosition.x
      value: 0
      objectReference: {fileID: 0}
    - target: {fileID: 9075326365435945759, guid: 5c04192b07879e64bb31b3d58f3e6ffd,
        type: 3}
      propertyPath: m_LocalPosition.y
      value: 0
      objectReference: {fileID: 0}
    - target: {fileID: 9075326365435945759, guid: 5c04192b07879e64bb31b3d58f3e6ffd,
        type: 3}
      propertyPath: m_LocalPosition.z
      value: 0
      objectReference: {fileID: 0}
    - target: {fileID: 9075326365435945759, guid: 5c04192b07879e64bb31b3d58f3e6ffd,
        type: 3}
      propertyPath: m_LocalRotation.x
      value: 0
      objectReference: {fileID: 0}
    - target: {fileID: 9075326365435945759, guid: 5c04192b07879e64bb31b3d58f3e6ffd,
        type: 3}
      propertyPath: m_LocalRotation.y
      value: 0
      objectReference: {fileID: 0}
    - target: {fileID: 9075326365435945759, guid: 5c04192b07879e64bb31b3d58f3e6ffd,
        type: 3}
      propertyPath: m_LocalRotation.z
      value: 0
      objectReference: {fileID: 0}
    - target: {fileID: 9075326365435945759, guid: 5c04192b07879e64bb31b3d58f3e6ffd,
        type: 3}
      propertyPath: m_LocalRotation.w
      value: 1
      objectReference: {fileID: 0}
    - target: {fileID: 9075326365435945759, guid: 5c04192b07879e64bb31b3d58f3e6ffd,
        type: 3}
      propertyPath: m_RootOrder
      value: 1
      objectReference: {fileID: 0}
    - target: {fileID: 9075326365435945759, guid: 5c04192b07879e64bb31b3d58f3e6ffd,
        type: 3}
      propertyPath: m_LocalEulerAnglesHint.x
      value: 0
      objectReference: {fileID: 0}
    - target: {fileID: 9075326365435945759, guid: 5c04192b07879e64bb31b3d58f3e6ffd,
        type: 3}
      propertyPath: m_LocalEulerAnglesHint.y
      value: 0
      objectReference: {fileID: 0}
    - target: {fileID: 9075326365435945759, guid: 5c04192b07879e64bb31b3d58f3e6ffd,
        type: 3}
      propertyPath: m_LocalEulerAnglesHint.z
      value: 0
      objectReference: {fileID: 0}
    - target: {fileID: 9075326365435945759, guid: 5c04192b07879e64bb31b3d58f3e6ffd,
        type: 3}
      propertyPath: m_AnchoredPosition.x
      value: 0
      objectReference: {fileID: 0}
    - target: {fileID: 9075326365435945759, guid: 5c04192b07879e64bb31b3d58f3e6ffd,
        type: 3}
      propertyPath: m_AnchoredPosition.y
      value: -15
      objectReference: {fileID: 0}
    - target: {fileID: 9075326365435945759, guid: 5c04192b07879e64bb31b3d58f3e6ffd,
        type: 3}
      propertyPath: m_SizeDelta.x
      value: 400
      objectReference: {fileID: 0}
    - target: {fileID: 9075326365435945759, guid: 5c04192b07879e64bb31b3d58f3e6ffd,
        type: 3}
      propertyPath: m_SizeDelta.y
      value: 120
      objectReference: {fileID: 0}
    - target: {fileID: 9075326365435945759, guid: 5c04192b07879e64bb31b3d58f3e6ffd,
        type: 3}
      propertyPath: m_AnchorMin.x
      value: 0.5
      objectReference: {fileID: 0}
    - target: {fileID: 9075326365435945759, guid: 5c04192b07879e64bb31b3d58f3e6ffd,
        type: 3}
      propertyPath: m_AnchorMin.y
      value: 1
      objectReference: {fileID: 0}
    - target: {fileID: 9075326365435945759, guid: 5c04192b07879e64bb31b3d58f3e6ffd,
        type: 3}
      propertyPath: m_AnchorMax.x
      value: 0.5
      objectReference: {fileID: 0}
    - target: {fileID: 9075326365435945759, guid: 5c04192b07879e64bb31b3d58f3e6ffd,
        type: 3}
      propertyPath: m_AnchorMax.y
      value: 1
      objectReference: {fileID: 0}
    - target: {fileID: 9075326365435945759, guid: 5c04192b07879e64bb31b3d58f3e6ffd,
        type: 3}
      propertyPath: m_Pivot.x
      value: 0.5
      objectReference: {fileID: 0}
    - target: {fileID: 9075326365435945759, guid: 5c04192b07879e64bb31b3d58f3e6ffd,
        type: 3}
      propertyPath: m_Pivot.y
      value: 1
      objectReference: {fileID: 0}
    m_RemovedComponents: []
  m_SourcePrefab: {fileID: 100100000, guid: 5c04192b07879e64bb31b3d58f3e6ffd, type: 3}
--- !u!224 &73520776870929646 stripped
RectTransform:
  m_CorrespondingSourceObject: {fileID: 9075326365435945759, guid: 5c04192b07879e64bb31b3d58f3e6ffd,
    type: 3}
  m_PrefabInstance: {fileID: 9004731945372567537}
  m_PrefabAsset: {fileID: 0}
